@online{example,
	title = {Match {Between} {System} and {Real} {World}: 2nd {Usability} {Heuristic} {Explained}},
	shorttitle = {Match {Between} {System} and {Real} {World}},
	url = {https://www.nngroup.com/articles/match-system-real-world/},
	language = {en},
	urldate = {2019-03-24},
	journal = {Nielsen Norman Group},
	author = {Kaley, Anna},
	date = {2018}
}

@online{sapui5_docu_2024,
	title	= {SAPUI5 Documentation},
	url		= {https://ui5.sap.com/},
	language= {en},
	urldate = {2024-08-14},
	author	= {SAP},
	date	= {2024}
}

@online{typescript_docu,
	title	= {TypeScript Documentation},
	url		= {https://www.typescriptlang.org/},
	language= {en},
	urldate = {2024-08-14},
	author  = {Microsoft},
	date	= {2024},
	doi		= {2024-08-14}
}

@online{typescript_in_vscode,
	author       = {Microsoft},
	date         = {2024-01-08},
	doi          = {2024-08-14},
	urldate		 = {2024-08-14},
	title        = {TypeScript in Visual Studio Code},
	url          = {https://code.visualstudio.com/docs/languages/typescript},
	year         = {2024}
}

@online{why_typescript,
	author       = {Microsoft},
	note         = {Paragraph: "What Problems Can TypeScript Solve?"},
	urldate      = {2024-08-14},
	title        = {Why does TypeScript exist?},
	url          = {https://www.typescriptlang.org/why-create-typescript/},
	year         = {2024}
}