@inproceedings{shneiderman_eyes_1996,
	title = {The eyes have it: a task by data type taxonomy for information visualizations},
	shorttitle = {The eyes have it},
	doi = {10.1109/VL.1996.545307},
	booktitle = {{IEEE} {Symposium} on {Visual} {Languages}, 1996. {Proceedings}},
	author = {Shneiderman, Ben},
	month = sep,
	date = {1996},
	pages = {336--343}
}


@inproceedings{goebel_why_2016,
	title = {Why {Visualization} is an {AI}-complete {Problem} (and {Why} {That} {Matters})},
	doi = {10.1109/IV.2016.53},
	booktitle = {2016 20th {International} {Conference} {Information} {Visualisation} ({IV})},
	author = {Goebel, R.},
	month = jul,
	date = {2016},
	keywords = {AI-complete visualization incomplete knowledge},
	pages = {27--32}
}

@book{kahneman_thinking_2012,
	address = {London},
	title = {Thinking, fast and slow},
	isbn = {978-0-14-103357-0},
	language = {eng},
	publisher = {Penguin Books},
	author = {Kahneman, Daniel},
	date = {2012},
	note = {OCLC: 798805166},
	keywords = {Cognition, Decision making, Denken, Entscheidung, Entscheidungsfindung, Intuition, Judgment, Kognition, Schlussfolgern},
	annote = {Literaturangaben},
}

@inproceedings{xiong_peoplegarden_1999,
	address = {New York, NY, USA},
	_series = {{UIST} '99},
	title = {{PeopleGarden}: {Creating} {Data} {Portraits} for {Users}},
	isbn = {978-1-58113-075-1},
	shorttitle = {{PeopleGarden}},
	_url = {http://doi.acm.org/10.1145/320719.322581},
	doi = {10.1145/320719.322581},
	urldate = {2018-12-09},
	booktitle = {Proc. of UIST},
	publisher = {ACM},
	author = {Xiong, Rebecca and Donath, Judith},
	date = {1999},
	pages = {37--44}
}

@misc{kaley_match_2018,
	title = {Match {Between} {System} and {Real} {World}: 2nd {Usability} {Heuristic} {Explained}},
	shorttitle = {Match {Between} {System} and {Real} {World}},
	url = {https://www.nngroup.com/articles/match-system-real-world/},
	language = {en},
	howpublished = {2019-03-24},
	journal = {Nielsen Norman Group},
	author = {Kaley, Anna},
	date = {2018}
}